<record><leader>00000cas a22000007a 4500</leader><controlfield tag="001">11190527</controlfield><controlfield tag="008">840924d18851911ksudr ne      0   a0eng d</controlfield><controlfield tag="009">3789</controlfield><datafield ind1=" " ind2=" " tag="010"><subfield code="a">sn 84029603 </subfield></datafield><datafield ind1=" " ind2=" " tag="040"><subfield code="a">KSH</subfield><subfield code="b">eng</subfield><subfield code="c">KSH</subfield><subfield code="d">NPT</subfield><subfield code="d">MGN</subfield><subfield code="d">OCL</subfield></datafield><datafield ind1=" " ind2=" " tag="042"><subfield code="a">msc</subfield></datafield><datafield ind1="0" ind2="0" tag="245"><subfield code="a">Lawrence daily journal.</subfield></datafield><datafield ind1="1" ind2="0" tag="246"><subfield code="a">Lawrence journal-tribune</subfield></datafield><datafield ind1="0" ind2="0" tag="246"><subfield code="a">Lawrence journal tribune</subfield></datafield><datafield ind1=" " ind2=" " tag="260"><subfield code="a">Lawrence, Kan. :</subfield><subfield code="b">Lawrence Journal Co.,</subfield><subfield code="c">1885-1911.</subfield></datafield><datafield ind1=" " ind2=" " tag="300"><subfield code="a">39 v. ;</subfield><subfield code="c">58-65 cm.</subfield></datafield><datafield ind1=" " ind2=" " tag="310"><subfield code="a">Daily</subfield></datafield><datafield ind1="0" ind2=" " tag="362"><subfield code="a">Vol. 16, no. 180 (Aug. 1, 1885)-v. 21, no. 17 (Mar. 30, 1890) ; Old ser., v. 21, no. 78 (Mar. 31, 1890)-v. 22, no. 77 (Sept. 26, 1890) = New ser., v. 1, no. 1-v. 1, no. 156 ; Vol. 22, no. 78 (Sept. 27, 1890)-v. 55, no. 17 (Feb. 17, 1911).</subfield></datafield><datafield ind1=" " ind2=" " tag="500"><subfield code="a">Published as: Lawrence journal-tribune, Mar. 31-Sept. 26, 1890.</subfield></datafield><datafield ind1=" " ind2=" " tag="500"><subfield code="a">Published by: Journal Co., Mar. 4, 1888-Sept. 9, 1889; O.E. Learnard, Sept. 10, 1889-Dec. 31, 1893; Lawrence Journal Co., Jan. 4, 1898-Feb. 17, 1911.</subfield></datafield><datafield ind1=" " ind2=" " tag="500"><subfield code="a">Republican.</subfield></datafield><datafield ind1=" " ind2=" " tag="752"><subfield code="a">United States</subfield><subfield code="b">Kansas</subfield><subfield code="c">Douglas</subfield><subfield code="d">Lawrence.</subfield></datafield><datafield ind1="0" ind2="0" tag="780"><subfield code="t">Lawrence journal (Lawrence, Kan. : 1883)</subfield><subfield code="w">(DLC)sn 84029609</subfield></datafield><datafield ind1="0" ind2="5" tag="780"><subfield code="t">Evening tribune (Lawrence, Kan. : 1888)</subfield><subfield code="g">Mar. 29, 1890</subfield><subfield code="w">(DLC)sn 84029612</subfield></datafield><datafield ind1="0" ind2="5" tag="780"><subfield code="t">Lawrence journal (Lawrence, Kan. : 1896)</subfield><subfield code="g">Apr. 10, 1909</subfield><subfield code="w">(DLC)sn 84029604</subfield></datafield><datafield ind1="0" ind2="7" tag="785"><subfield code="t">Lawrence daily world</subfield><subfield code="w">(DLC)sn 84029613</subfield></datafield><datafield ind1="0" ind2="7" tag="785"><subfield code="t">Lawrence daily journal-world</subfield><subfield code="w">(OCoLC)8807303</subfield></datafield></record>